@article{Herlihy-Wing-1990,
 author = {Herlihy, Maurice P. and Wing, Jeannette M.},
 title = {Linearizability: A Correctness Condition for Concurrent Objects},
 journal = {ACM Trans. Program. Lang. Syst.},
 issue_date = {July 1990},
 volume = {12},
 number = {3},
 month = jul,
 year = {1990},
 issn = {0164-0925},
 pages = {463--492},
 numpages = {30},
 url = {http://doi.acm.org/10.1145/78969.78972},
 doi = {10.1145/78969.78972},
 acmid = {78972},
 publisher = {ACM},
 address = {New York, NY, USA},
} 

@inproceedings{Serbanuta-Chen-Rosu-2012,
  title     = {Maximal Causal Models for Sequentially Consistent Systems},
  author    = {Traian Florin Serbanuta and Feng Chen and Grigore Rosu},
  booktitle = {Proceedings of the third International Conference on Runtime Verification (RV'12)},
  series    = {LNCS},
  volume    = {7687},
  pages     = {136-150},
  year      = {2012},
  month     = {September},
  publisher = {Springer},
  
  doi               = {10.1007/978-3-642-35632-2_16},
  url               = {http://dx.doi.org/10.1007/978-3-642-35632-2_16},
}
